@online{MemSQL,
title = {MemSQL Docs Home},
year = {2015},
url = {http://docs.memsql.com/latest/},
OPTorganization = {MemSQL},
}


@online{VoltDB,
title = {Reasons Behind Our In-Memory Database Architecture},
year = {2015},
url = {https://voltdb.com/products/featuresbenefits/reasons-behind-voltdb-architecture},
OPTorganization = {VoltDB},
}

@inproceedings{stonebraker2007end,
  title={The end of an architectural era:(it's time for a complete rewrite)},
  author={Stonebraker, Michael and Madden, Samuel and Abadi, Daniel J and Harizopoulos, Stavros and Hachem, Nabil and Helland, Pat},
  booktitle={Proceedings of the 33rd international conference on Very large data bases},
  pages={1150--1160},
  year={2007},
  organization={VLDB Endowment}
}

@article{soares2015database,
  title={Database Engines on Multicores Scale: A Practical Approach},
  author={Soares, Jo{\~a}o and Pregui{\c{c}}a, Nuno},
  year={2015}
}

@online{jcmit,
author = {John C. McCallum},
title = {Memory Prices 1957 to 2015},
year = {2015},
url = {http://www.jcmit.com/memoryprice.htm}
}

@online{MemSQL,
title = {MemSQL Case Studies},
year = {2015},
url = {http://www.memsql.com/case-studies/},
OPTorganization = {MemSQL}
}

@online{lemon_parser,
title = {The Lemon Parser Generator},
year = {2015},
url = {https://www.sqlite.org/src/doc/trunk/doc/lemon.html},
OPTorganization = {SQLite}
}

@online{tervel,
	author = {UCF},
	url = {https://github.com/ucf-cs/tervel}
}

@online{aerospike,
title = {Architecture Overview Whitepaper},
year = {2015},
url = {http://www.aerospike.com/whitepapers/architecture-overview-whitepaper/},
}

@online{geode,
title = {Apache Geode Docs},
year = {2015},
url = {https://github.com/project-geode/docs/wiki},
}

@manual{dashDB,
author = {IBM Corporation},
title = {IBM dashDB: Enterprise MPP Service},
year = {2015},
OPTsubtitle = {Fully managed cloud data warehousing with high speed and massive scalability},
}


@online{extremeDB,
title = {eXtremeDB Embedded In-Memory Database System},
year = {2015},
url = {http://www.mcobject.com/standardedition.shtml},
}


@manual{gemfire,
author = {GemStone Systems Inc.},
title = {GemFire Architecture},
year = {2006},
}

@TechReport{hekaton,
author = {cdiaconu, craigfr, eriki, palarson, pravinm, ryanston, nitinver, mikezw}@microsoft.com,
title = {Hekaton: SQL Serverâ€™s Memory-Optimized OLTP Engine},
year = {2014}
}

@online{saphana,
title = {SAP HANA In-Memory Platform},
year = {2015},
url = {http://go.sap.com/solution/in-memory-platform.html},
}



