@online{jcmit,
author = {John C. McCallum}
title = {Memory Prices 1957 to 2015},
year = {2015},
url = {http://www.jcmit.com/memoryprice.htm},
}

@online{MemSQL,
title = {MemSQL Case Studies},
year = {2015},
url = {http://www.memsql.com/case-studies/},
OPTorganization = {MemSQL},
}

