@online{MemSQL,
title = {MemSQL Docs Home},
year = {2015},
url = {http://docs.memsql.com/latest/},
OPTorganization = {MemSQL},
}


@online{VoltDB,
title = {Reasons Behind Our In-Memory Database Architecture},
year = {2015},
url = {https://voltdb.com/products/featuresbenefits/reasons-behind-voltdb-architecture},
OPTorganization = {VoltDB},
}

@inproceedings{stonebraker2007end,
  title={The end of an architectural era:(it's time for a complete rewrite)},
  author={Stonebraker, Michael and Madden, Samuel and Abadi, Daniel J and Harizopoulos, Stavros and Hachem, Nabil and Helland, Pat},
  booktitle={Proceedings of the 33rd international conference on Very large data bases},
  pages={1150--1160},
  year={2007},
  organization={VLDB Endowment}
}

@article{soares2015database,
  title={Database Engines on Multicores Scale: A Practical Approach},
  author={Soares, Jo{\~a}o and Pregui{\c{c}}a, Nuno},
  year={2015}
}