@manual{MemSQL,
title = {MemSQL Docs Home},
author = {MemSQL},
year = {2015},
url = {http://docs.memsql.com/latest/},
OPTorganization = {MemSQL},
}

@misc{VoltDB,
title = {VoltDB Technical Overview},
year = {2010},
author = {VoltDB Inc.},
howpublished = {Online whitepaper},
}

@inproceedings{stonebraker2007end,
author = {Stonebraker, Michael and Madden, Samuel and Abadi, Daniel J. and Harizopoulos, Stavros and Hachem, Nabil and Helland, Pat},
title = {The End of an Architectural Era: (It's Time for a Complete Rewrite)},
booktitle = {Proceedings of the 33rd International Conference on Very Large Data Bases},
series = {VLDB '07},
year = {2007},
isbn = {978-1-59593-649-3},
location = {Vienna, Austria},
pages = {1150--1160},
numpages = {11},
url = {http://dl.acm.org/citation.cfm?id=1325851.1325981},
acmid = {1325981},
publisher = {VLDB Endowment},
}

@article{soares2015database,
  title={Database Engines on Multicores Scale: A Practical Approach},
  author={Soares, Jo{\~a}o and Pregui{\c{c}}a, Nuno},
  year={2015}
}

@misc{jcmit,
author = {John C. McCallum},
title = {Memory Prices 1957 to 2015},
year = {2015},
url = {http://www.jcmit.com/memoryprice.htm},
}

@misc{web:tervel,
  title={Tervel},
  author={Computer Software Engineering Scalable and Secure Systems Lab at UCF},
  year={2015},
  url={http://ucf-cs.github.io/Tervel/index.html},
}

@book{herlihy:waitfree,
  title={The Art of Multiprocessor Programming},
  author={Herlihy, Maurice and Shavit, Nir},
  publisher={Morgan Kaufmann},
  edition={1st},
  year={2012},
  month={June},
}

@article {rbtree,
author = {Howard, Philip W. and Walpole, Jonathan},
title = {Relativistic red-black trees},
journal = {Concurrency and Computation: Practice and Experience},
volume = {26},
number = {16},
issn = {1532-0634},
url = {http://dx.doi.org/10.1002/cpe.3157},
doi = {10.1002/cpe.3157},
pages = {2684--2712},
keywords = {synchronization, data structures, scalability, concurrent programming, red-black trees},
year = {2014},
}

@manual{std:c++11,
  title={International Standard ISO/IEC 14882:2014(E) â€“ Programming Language C++},
  author={ISO/IEC},
  year={2012},
}
  
